%% This BibTeX bibliography file was created using BibDesk.
%% http://bibdesk.sourceforge.net/


%% Created for Olivier Commowick at 2008-06-16 21:02:37 -0400 


%% Saved with string encoding Western (Windows Latin 1) 


## Citations travaux DTI

@article{bruijnen2019multiresolution,
  title={Multiresolution radial MRI to reduce IDLE time in pre-beam imaging on an MR-Linac (MR-RIDDLE)},
  author={Bruijnen, Tom and Stemkens, Bjorn and Lagendijk, Jan JW and Van Den Berg, Cornelis AT and Tijssen, Rob HN},
  journal={Physics in Medicine \& Biology},
  volume={64},
  number={5},
  pages={055011},
  year={2019},
  publisher={IOP Publishing}
}


@article{sapareto1984thermal,
  title={Thermal dose determination in cancer therapy},
  author={Sapareto, Stephen A and Dewey, William C},
  journal={International Journal of Radiation Oncology* Biology* Physics},
  volume={10},
  number={6},
  pages={787--800},
  year={1984},
  publisher={Elsevier}
}

@article{o2012estimation,
  title={Estimation of thermal dose from MR thermometry during application of nonablative pulsed high intensity focused ultrasound},
  author={O'Neill, Brian E and Karmonik, Christof and Sassaroli, Elisabetta and Li, King C},
  journal={Journal of Magnetic Resonance Imaging},
  volume={35},
  number={5},
  pages={1169--1178},
  year={2012},
  publisher={Wiley Online Library}
}

@article{winter2016magnetic,
  title={Magnetic resonance thermometry: Methodology, pitfalls and practical solutions},
  author={Winter, Lukas and Oberacker, Eva and Paul, Katharina and Ji, Yiyi and Oezerdem, Celal and Ghadjar, Pirus and Thieme, Alexander and Budach, Volker and Wust, Peter and Niendorf, Thoralf},
  journal={International Journal of Hyperthermia},
  volume={32},
  number={1},
  pages={63--75},
  year={2016},
  publisher={Taylor \& Francis}
}

@article{odeen2019magnetic,
  title={Magnetic resonance thermometry and its biological applications--Physical principles and practical considerations},
  author={Od{\'e}en, Henrik and Parker, Dennis L},
  journal={Progress in nuclear magnetic resonance spectroscopy},
  volume={110},
  pages={34--61},
  year={2019},
  publisher={Elsevier}
}

@article{lutz2020contactless,
  title={Contactless thermometry by MRI and MRS: advanced methods for thermotherapy and biomaterials},
  author={Lutz, Norbert W and Bernard, Monique},
  journal={Iscience},
  volume={23},
  number={10},
  year={2020},
  publisher={Elsevier}
}

@article{huang2018predicting,
  title={Predicting lesion size by accumulated thermal dose in MR-guided focused ultrasound for essential tremor},
  author={Huang, Yuexi and Lipsman, Nir and Schwartz, Michael L and Krishna, Vibhor and Sammartino, Francesco and Lozano, Andres M and Hynynen, Kullervo},
  journal={Medical physics},
  volume={45},
  number={10},
  pages={4704--4710},
  year={2018},
  publisher={Wiley Online Library}
}


@inproceedings{ozenne2016automatic,
  title={Automatic temperature control during MR guided catheter based radiofrequency ablation of the heart},
  author={Ozenne, Valery and Troadec, Thibaud and Bour, Pierre and Toupin, Solenn and Dumont, Erik and Quesson, Bruno},
  booktitle={International Society of Magnetic Resonance in Medicine 2016},
  year={2016}
}

@article{10.1093/eurheartj/ehab893,
    author = {Haissaguerre, Michel and Cheniti, Ghassen and Hocini, Meleze and Sacher, Frederic and Ramirez, F. Daniel and Cochet, Hubert and Bear, Laura and Tixier, Romain and Duchateau, Josselin and Walton, Rick and Surget, Elodie and Kamakura, Tsukasa and Marchand, Hugo and Derval, Nicolas and Bordachar, Pierre and Ploux, Sylvain and Takagi, Takamitsu and Pambrun, Thomas and Jais, Pierre and Labrousse, Louis and Strik, Mark and Ashikaga, Hiroshi and Calkins, Hugh and Vigmond, Ed and Nademanee, Koonlawee and Bernus, Olivier and Dubois, Remi},
    title = "{Purkinje network and myocardial substrate at the onset of human ventricular fibrillation: implications for catheter ablation}",
    journal = {European Heart Journal},
    volume = {43},
    number = {12},
    pages = {1234-1247},
    year = {2022},
    month = {02},
    issn = {0195-668X},
    doi = {10.1093/eurheartj/ehab893},
    url = {https://doi.org/10.1093/eurheartj/ehab893},
    eprint = {https://academic.oup.com/eurheartj/article-pdf/43/12/1234/46630264/ehab893.pdf},
}

@article{larkman2001investigation,
  title={An investigation into the use of sensitivity-encoded techniques to increase temporal resolution in dynamic contrast-enhanced breast imaging},
  author={Larkman, David J and deSouza, Nandita M and Bydder, Mark and Hajnal, Joseph V},
  journal={Journal of Magnetic Resonance Imaging: An Official Journal of the International Society for Magnetic Resonance in Medicine},
  volume={14},
  number={3},
  pages={329--335},
  year={2001},
  publisher={Wiley Online Library}
}

@article{setsompop2012blipped,
  title={Blipped-controlled aliasing in parallel imaging for simultaneous multislice echo planar imaging with reduced g-factor penalty},
  author={Setsompop, Kawin and Gagoski, Borjan A and Polimeni, Jonathan R and Witzel, Thomas and Wedeen, Van J and Wald, Lawrence L},
  journal={Magnetic resonance in medicine},
  volume={67},
  number={5},
  pages={1210--1224},
  year={2012},
  publisher={Wiley Online Library}
}

@article{saritas2008dwi,
  title={DWI of the spinal cord with reduced FOV single-shot EPI},
  author={Saritas, Emine Ulku and Cunningham, Charles H and Lee, Jin Hyung and Han, Eric T and Nishimura, Dwight G},
  journal={Magnetic Resonance in Medicine: An Official Journal of the International Society for Magnetic Resonance in Medicine},
  volume={60},
  number={2},
  pages={468--473},
  year={2008},
  publisher={Wiley Online Library}
}

@article{ben2010super,
  title={Super-resolved spatially encoded single-scan 2D MRI},
  author={Ben-Eliezer, Noam and Irani, Michal and Frydman, Lucio},
  journal={Magnetic Resonance in Medicine: An Official Journal of the International Society for Magnetic Resonance in Medicine},
  volume={63},
  number={6},
  pages={1594--1600},
  year={2010},
  publisher={Wiley Online Library}
}

@article{lustig2007sparse,
  title={Sparse MRI: The application of compressed sensing for rapid MR imaging},
  author={Lustig, Michael and Donoho, David and Pauly, John M},
  journal={Magnetic Resonance in Medicine: An Official Journal of the International Society for Magnetic Resonance in Medicine},
  volume={58},
  number={6},
  pages={1182--1195},
  year={2007},
  publisher={Wiley Online Library}
}

@article{breuer2005controlled,
  title={Controlled aliasing in parallel imaging results in higher acceleration (CAIPIRINHA) for multi-slice imaging},
  author={Breuer, Felix A and Blaimer, Martin and Heidemann, Robin M and Mueller, Matthias F and Griswold, Mark A and Jakob, Peter M},
  journal={Magnetic Resonance in Medicine: An Official Journal of the International Society for Magnetic Resonance in Medicine},
  volume={53},
  number={3},
  pages={684--691},
  year={2005},
  publisher={Wiley Online Library}
}

@article{bour2018real,
  title={Real-time 3D ultrasound based motion tracking for the treatment of mobile organs with MR-guided high-intensity focused ultrasound},
  author={Bour, Pierre and Ozenne, Val{\'e}ry and Marquet, Fabrice and Denis de Senneville, Baudouin and Dumont, Erik and Quesson, Bruno},
  journal={International Journal of Hyperthermia},
  volume={34},
  number={8},
  pages={1225--1235},
  year={2018},
  publisher={Taylor \& Francis}
}

@article{desclides2023real,
  title={Real-time automatic temperature regulation during in vivo MRI-guided laser-induced thermotherapy (MR-LITT)},
  author={Desclides, Manon and Ozenne, Val{\'e}ry and Bour, Pierre and Faller, Thibaut and Machinet, Guillaume and Pierre, Christophe and Chemouny, St{\'e}phane and Quesson, Bruno},
  journal={Scientific Reports},
  volume={13},
  number={1},
  pages={3279},
  year={2023},
  publisher={Nature Publishing Group UK London}
}


@article{wright20143d,
  title={3D Through-Time Radial GRAPPA for Renal Magnetic Resonance Angiography},
  author={Wright, Katherine L and Lee, Gregory R and Ehses, Philipp and Griswold, Mark A and Gulani, Vikas and Seiberlich, Nicole},
  journal={Journal of magnetic resonance imaging: JMRI},
  volume={40},
  number={4},
  pages={864},
  year={2014},
  publisher={NIH Public Access}
}


@article{dietz2018nomenclature,
  title={Nomenclature for real-time magnetic resonance imaging.},
  author={Dietz, Bryson and Fallone, B Gino and Wachowicz, Keith},
  journal={Magnetic Resonance in Medicine},
  volume={81},
  number={3},
  pages={1483--1484},
  year={2018}
}


@article{de2024fully,
  title={Fully automated contrast selection of joint bright-and black-blood late gadolinium enhancement imaging for robust myocardial scar assessment},
  author={de Naide, Victor de Villedon and Maes, Jean-David and Villegas-Martinez, Manuel and Ribal, Indra and Maillot, Aur{\'e}lien and Ozenne, Val{\'e}ry and Montier, G{\'e}raldine and Boull{\'e}, Thibaut and Sridi, Soumaya and Gut, Pauline and others},
  journal={Magnetic Resonance Imaging},
  volume={109},
  pages={256--263},
  year={2024},
  publisher={Elsevier}
}

@article{de2024advanced,
  title={Advanced Myocardial MRI Tissue Characterization Combining Contrast Agent-Free T1-Rho Mapping With Fully Automated Analysis},
  author={de Villedon de Naide, Victor and Narceau, Kalvin and Ozenne, Valery and Villegas-Martinez, Manuel and Nogues, Victor and Brillet, Nina and Huiyue Zhang, Jana and Benlala, Ilyes and Stuber, Matthias and Cochet, Hubert and others},
  journal={Journal of Magnetic Resonance Imaging},
  year={2024},
  publisher={Wiley Online Library}
}
